@book{cover2012elements,
  title={Elements of information theory},
  author={Cover, Thomas M and Thomas, Joy A},
  year={2012},
  publisher={John Wiley \& Sons}
}

@book{mackay2003information,
  title={Information theory, inference and learning algorithms},
  author={MacKay, David JC and Mac Kay, David JC},
  year={2003},
  publisher={Cambridge university press}
}

@article{conrad2004probability,
  title={Probability distributions and maximum entropy},
  author={Conrad, Keith},
  journal={Entropy},
  volume={6},
  number={452},
  pages={10},
  year={2004}
}

@article{jaynes1982rationale,
  title={On the rationale of maximum-entropy methods},
  author={Jaynes, Edwin T},
  journal={Proceedings of the IEEE},
  volume={70},
  number={9},
  pages={939--952},
  year={1982},
  publisher={IEEE}
}

@article{shannon1948mathematical,
  title={A mathematical theory of communication},
  author={Shannon, Claude Elwood},
  journal={Bell system technical journal},
  volume={27},
  number={3},
  pages={379--423},
  year={1948},
  publisher={Wiley Online Library}
}

@book{jaynes2003probability,
  title={Probability theory: The logic of science},
  author={Jaynes, Edwin T},
  year={2003},
  publisher={Cambridge university press}
}


@book{boyd2004convex,
  title={Convex optimization},
  author={Boyd, Stephen and Vandenberghe, Lieven},
  year={2004},
  publisher={Cambridge university press}
}
