@article{shannon1948mathematical,
  title={A mathematical theory of communication},
  author={Shannon, Claude Elwood},
  journal={Bell system technical journal},
  volume={27},
  number={3},
  pages={379--423},
  year={1948},
  publisher={Wiley Online Library}
}

@book{cover2012elements,
  title={Elements of information theory},
  author={Cover, Thomas M and Thomas, Joy A},
  year={2012},
  publisher={John Wiley \& Sons}
}

@book{mackay2003information,
  title={Information theory, inference and learning algorithms},
  author={MacKay, David JC},
  year={2003},
  publisher={Cambridge university press}
}

@article{adi-maxent,
  title={The principle of maximum entropy},
  author={Ganesh, Adithya C},
  year={2019},
  journal={Stanford mathematics department: directed reading program}
}

@article{frieden2010world,
  title={World Politics. Interests, Interactions},
  author={Frieden, Jeffry A and Lake, David A and Schultz, Kenneth A},
  journal={Institutions. WW Norton \& Company, New York},
  year={2010}
}

@article{lake2010two,
  title={Two cheers for bargaining theory: Assessing rationalist explanations of the Iraq War},
  author={Lake, David A},
  journal={International Security},
  volume={35},
  number={3},
  pages={7--52},
  year={2010},
  publisher={MIT Press}
}
